@ARTICLE{VallinPlous2007,
author = {VallinPlous},
year = 2007,
title = {Microarreglos de ADN y sus aplicaciones en investigaciones biomédicas}, journal = {Ciencias Biológicas},
volume = 38,
pages = {132-135}
}
